@misc{bps_jatim,
  title = {Hasil Survei Kegiatan Usaha Pada Masa Pandemi {COVID-19} Provinsi Jawa Timur},
  author = {{BPS Jawa Timur}},
  year = {2021},
  month = {Mar},
}

@article{radhi2021harga,
  title = {PREDIKSI HARGA MOBIL MENGGUNAKAN ALGORITMA REGRESSI DENGAN HYPER-PARAMETER TUNING},
  author = {Radhi, M. and Sitompul, D. Ryan Hamonangan and Sinurat, S. Hamonangan and Indra, E.},
  journal = {Jurnal Sistem Informasi dan Ilmu Komputer Prima},
  volume = {4},
  number = {2},
  year = {2021},
}

@article{emioma2021stock,
  title = {Stock price prediction using machine learning on least-squares linear regression basis},
  author = {Emioma, C. C. and Edeki, S. O.},
  journal = {Journal of Physics: Conference Series},
  volume = {1734},
  number = {1},
  pages = {012058},
  month = {Jan},
  year = {2021},
  doi = {10.1088/1742-6596/1734/1/012058},
}

@inproceedings{varma2018house,
  title = {House Price Prediction Using Machine Learning and Neural Networks},
  author = {Varma, A. and Sarma, A. and Doshi, S. and Nair, R.},
  booktitle = {2018 Second International Conference on Inventive Communication and Computational Technologies (ICICCT)},
  month = {Apr},
  year = {2018},
  pages = {1936--1939},
  doi = {10.1109/ICICCT.2018.8473231},
}

@inproceedings{madhuri2019house,
  title = {House Price Prediction Using Regression Techniques: A Comparative Study},
  author = {Madhuri, CH. R. and Anuradha, G. and Pujitha, M. V.},
  booktitle = {2019 International Conference on Smart Structures and Systems (ICSSS)},
  month = {Mar},
  year = {2019},
  pages = {1--5},
  doi = {10.1109/ICSSS.2019.8882834},
}

@inproceedings{ahtesham2020house,
  title = {House Price Prediction using Machine Learning Algorithm - The Case of Karachi City, Pakistan},
  author = {Ahtesham, M. and Bawany, N. Z. and Fatima, K.},
  booktitle = {2020 21st International Arab Conference on Information Technology (ACIT)},
  month = {Nov},
  year = {2020},
  pages = {1--5},
  doi = {10.1109/ACIT50332.2020.9300074},
}

@online{varli2021laptop,
  author = {Varli, Muhammet},
  title = {Laptop Price},
  year = {2021},
  url = {https://www.kaggle.com/datasets/muhammetvarl/laptop-price},
  note = {(accessed Apr. 19, 2022)},
}

@inproceedings{chu2016data,
  title = {Data Cleaning},
  author = {Chu, X. and Ilyas, I. F. and Krishnan, S. and Wang, J.},
  booktitle = {Proceedings of the 2016 International Conference on Management of Data},
  month = {Jun},
  year = {2016},
  pages = {2201--2206},
  doi = {10.1145/2882903.2912574},
}

@inproceedings{tae2019datacleaning,
  title = {Data Cleaning for Accurate, Fair, and Robust Models},
  author = {Tae, K. H. and Roh, Y. and Oh, Y. H. and Kim, H. and Whang, S. E.},
  booktitle = {Proceedings of the 3rd International Workshop on Data Management for End-to-End Machine Learning - DEEMâ€™19},
  year = {2019},
  pages = {1--4},
  doi = {10.1145/3329486.3329493},
}

@article{li2017feature,
  title = {Feature engineering of machine-learning chemisorption models for catalyst design},
  author = {Li, Z. and Ma, X. and Xin, H.},
  journal = {Catalysis Today},
  volume = {280},
  pages = {232--238},
  month = {Feb},
  year = {2017},
  doi = {10.1016/j.cattod.2016.04.013},
}

@article{uddin2018enhanced,
  title = {Proposing Enhanced Feature Engineering and a Selection Model for Machine Learning Processes},
  author = {Uddin, M. and Lee, J. and Rizvi, S. and Hamada, S.},
  journal = {Applied Sciences},
  volume = {8},
  number = {4},
  pages = {646},
  month = {Apr},
  year = {2018},
  doi = {10.3390/app8040646},
}

@article{verbeeck2020unsupervised,
  title = {Unsupervised machine learning for exploratory data analysis in imaging mass spectrometry},
  author = {Verbeeck, N. and Caprioli, R. M. and van de Plas, R.},
  journal = {Mass Spectrometry Reviews},
  volume = {39},
  number = {3},
  pages = {245--291},
  month = {May},
  year = {2020},
  doi = {10.1002/mas.21602},
}

@inproceedings{milo2020automating,
  title = {Automating Exploratory Data Analysis via Machine Learning: An Overview},
  author = {Milo, T. and Somech, A.},
  booktitle = {Proceedings of the 2020 ACM SIGMOD International Conference on Management of Data},
  month = {Jun},
  year = {2020},
  pages = {2617--2622},
  doi = {10.1145/3318464.3383126},
}

@inproceedings{cootes2012robust,
  title = {Robust and Accurate Shape Model Fitting Using Random Forest Regression Voting},
  author = {Cootes, T. F. and Ionita, M. C. and Lindner, C. and Sauer, P.},
  year = {2012},
  pages = {278--291},
  doi = {10.1007/978-3-642-33786-4_21},
}

@inproceedings{khalyasmaa2019prediction,
  title = {Prediction of Solar Power Generation Based on Random Forest Regressor Model},
  author = {Khalyasmaa, A. and others},
  booktitle = {2019 International Multi-Conference on Engineering, Computer and Information Sciences (SIBIRCON)},
  month = {Oct},
  year = {2019},
  pages = {0780--0785},
  doi = {10.1109/SIBIRCON48586.2019.8958063},
}

@article{zhang2015gradient,
  title = {A gradient boosting method to improve travel time prediction},
  author = {Zhang, Y. and Haghani, A.},
  journal = {Transportation Research Part C: Emerging Technologies},
  volume = {58},
  pages = {308--324},
  month = {Sep},
  year = {2015},
  doi = {10.1016/j.trc.2015.02.019},
}

@article{li2018human,
  title = {Human Age Prediction Based on DNA Methylation Using a Gradient Boosting Regressor},
  author = {Li, X. and Li, W. and Xu, Y.},
  journal = {Genes (Basel)},
  volume = {9},
  number = {9},
  pages = {424},
  month = {Aug},
  year = {2018},
  doi = {10.3390/genes9090424},
}

@article{ryu2020prediction,
  title = {Prediction Model of Dementia Risk Based on XGBoost Using Derived Variable Extraction and Hyper Parameter Optimization},
  author = {Ryu, S.-E. and Shin, D.-H. and Chung, K.},
  journal = {IEEE Access},
  volume = {8},
  pages = {177708--177720},
  year = {2020},
  doi = {10.1109/ACCESS.2020.3025553},
}

@article{li2020orthopedic,
  title = {Research on orthopedic auxiliary classification and prediction model based on XGBoost algorithm},
  author = {Li, S. and Zhang, X.},
  journal = {Neural Computing and Applications},
  volume = {32},
  number = {7},
  pages = {1971--1979},
  month = {Apr},
  year = {2020},
  doi = {10.1007/s00521-019-04378-4},
}

@article{amalia2022prediksi,
  title = {PREDIKSI HARGA MOBIL MENGGUNAKAN ALGORITMA REGRESSI DENGAN HYPER-PARAMETER TUNING},
  author = {Amalia, A. and Radhi, M. and Sinurat, S. H. and Sitompul, D. R. H. and Indra, E.},
  journal = {USIKOM PRIMA},
  volume = {4},
  number = {2},
  pages = {28--32},
  month = {Feb},
  year = {2022},
}
